<?xml version="1.0" encoding="UTF-8"?><record xmlns="http://www.loc.gov/MARC21/slim" xmlns:cinclude="http://apache.org/cocoon/include/1.0" xmlns:zs="http://www.loc.gov/zing/srw/">
  <leader>00416nz  a2200145n  4500</leader>
  <controlfield tag="001">nb2008022953</controlfield>
  <controlfield tag="003">DLC</controlfield>
  <controlfield tag="005">20081031082044.0</controlfield>
  <controlfield tag="008">081029n| acannaabn          |a aaa      </controlfield>
  <datafield tag="010" ind1=" " ind2=" ">
    <subfield code="a">nb2008022953</subfield>
  </datafield>
  <datafield tag="035" ind1=" " ind2=" ">
    <subfield code="a">(Uk)007269376</subfield>
  </datafield>
  <datafield tag="040" ind1=" " ind2=" ">
    <subfield code="a">Uk</subfield>
    <subfield code="b">eng</subfield>
    <subfield code="c">Uk</subfield>
  </datafield>
  <datafield tag="100" ind1="1" ind2=" ">
    <subfield code="a">Piotrzkowski, K.</subfield>
    <subfield code="q">(Krzysztof)</subfield>
  </datafield>
  <datafield tag="400" ind1="1" ind2=" ">
    <subfield code="a">Piotrzkowski, Krzysztof</subfield>
  </datafield>
  <datafield tag="670" ind1=" " ind2=" ">
    <subfield code="a">Photon-LHC-2008, 2008:</subfield>
    <subfield code="b">t.p. (K. Piotrzkowski) pref. (Krzysztof Piotrzkowski)</subfield>
  </datafield>
</record>